<record><leader>00000cas a22000007a 4500</leader><controlfield tag="001">14209736</controlfield><controlfield tag="008">860912d18891894paudn ne      0    0eng d</controlfield><datafield ind1=" " ind2=" " tag="010"><subfield code="a">sn 87078067 </subfield></datafield><datafield ind1=" " ind2=" " tag="040"><subfield code="a">NPH</subfield><subfield code="b">eng</subfield><subfield code="c">NPH</subfield><subfield code="d">OCL</subfield><subfield code="d">OCLCQ</subfield></datafield><datafield ind1=" " ind2=" " tag="019"><subfield code="a">14583562</subfield></datafield><datafield ind1=" " ind2=" " tag="042"><subfield code="a">msc</subfield></datafield><datafield ind1="0" ind2=" " tag="130"><subfield code="a">Daily news-dealer (Wilkes-Barre, Pa. : 1889)</subfield></datafield><datafield ind1="1" ind2="0" tag="245"><subfield code="a">Daily news-dealer.</subfield></datafield><datafield ind1="3" ind2="0" tag="246"><subfield code="a">News-dealer</subfield></datafield><datafield ind1=" " ind2=" " tag="260"><subfield code="a">Wilkes-Barre, Pa. :</subfield><subfield code="b">Economic Print. Co.,</subfield><subfield code="c">1889-1894.</subfield></datafield><datafield ind1=" " ind2=" " tag="300"><subfield code="a">6 v. ;</subfield><subfield code="c">66 cm.</subfield></datafield><datafield ind1=" " ind2=" " tag="310"><subfield code="a">Daily (except Sun.)</subfield></datafield><datafield ind1="0" ind2=" " tag="362"><subfield code="a">Vol. 10, no. 240 (Sept. 2, 1889)-v. 16, no. 162 (June 8, 1894).</subfield></datafield><datafield ind1=" " ind2=" " tag="580"><subfield code="a">Also issued in a Sunday edition entitled: Sunday news-dealer.</subfield></datafield><datafield ind1=" " ind2=" " tag="752"><subfield code="a">United States</subfield><subfield code="b">Pennsylvania</subfield><subfield code="c">Luzerne</subfield><subfield code="d">Wilkes-Barre.</subfield></datafield><datafield ind1="0" ind2=" " tag="775"><subfield code="t">Dollar weekly news-dealer</subfield><subfield code="w">(DLC)sn 86099916</subfield></datafield><datafield ind1="1" ind2=" " tag="775"><subfield code="t">Sunday news-dealer</subfield><subfield code="w">(DLC)sn 87078064</subfield><subfield code="w">(OCoLC)14208851</subfield></datafield><datafield ind1="0" ind2="0" tag="780"><subfield code="t">Wilkes-Barre news-dealer</subfield><subfield code="w">(DLC)sn 87078066</subfield><subfield code="w">(OCoLC)14208777</subfield></datafield><datafield ind1="0" ind2="0" tag="785"><subfield code="t">Wilkes-Barre daily news-dealer (Wilkes-Barre, Pa. : 1894)</subfield><subfield code="w">(DLC)sn 86081940</subfield></datafield></record>